2799 4620
686 291 793 382 'ad
846 290 1308 388 &itionem
1352 289 1725 378 Priorem.
2064 297 2220 402 165

272 489 603 570 Plurima
654 488 775 566 his
836 491 920 568 in
982 485 1432 573 SCOPOLI
1490 483 1860 592 evulgatis
1917 481 2235 588 Scriptis

164 591 819 696 deprehendimus
874 593 1208 668 maxima
1273 591 1693 668 attentione
1765 585 2040 692 digna,
2110 585 2236 668 ali-

166 721 328 796 qva
374 694 457 772 δι
501 695 711 794 prius
770 695 1017 769 minus
1068 710 1270 775 nota.
1394 692 1608 772 Inter
1659 688 1854 768 Salia
1913 691 2233 794 primm,

174 799 257 876 ni
310 793 587 887 fallor,
678 793 1087 870 Halothrici
1152 792 1334 876 facit
1405 794 1922 886 mentionem,
2003 811 2075 869 at
2133 812 2235 870 ve

170 893 592 1000 prudenter
657 897 739 970 in
806 895 1194 978 Principiis
1250 895 1789 994 Mineralogicis
1837 898 2043 970 circa
2179 892 2240 967 i·

168 997 691 1092 neraltlationes
760 994 1212 1072 Metallorum
1283 997 1770 1074 ratiocinatus
1849 991 1956 1074 est
1973 1047 1994 1086 ,
2066 993 2233 1072 vim

166 1101 463 1194 arsenici
530 1095 1168 1174 mineralisantem
1217 1097 1412 1176 dene
1473 1120 1624 1181 ans,
1729 1096 1822 1174 In
1875 1091 2263 1193 Claffi'ficar

176 1202 365 1276 tione
412 1196 887 1274 mineralium
952 1197 1203 1274 ubivis
1260 1197 1356 1284 ad
1481 1222 1852 1299 orporum
1911 1214 2241 1296 compo-⁶

176 1299 517 1380 sirionem
570 1298 650 1376 &
695 1295 1004 1399 genesln'
1052 1297 1478 1402 respestum
1531 1299 1817 1392 habuit,
1864 1294 2057 1378 nihil
2096 1293 2237 1373 sol·

169 1401 422 1478 licitus
463 1397 556 1476 de
606 1404 802 1476 notis
842 1398 1305 1497 extrinsecis,
1352 1404 1536 1492 im0,
1589 1424 1686 1478 ne
1727 1397 2042 1501 qvidem
2081 1420 2235 1496 cry·

149 1501 637 1620 stallisafionis
680 1500 949 1605 figuras
996 1524 1076 1579 ut
1129 1526 1371 1582 certas
1423 1500 1923 1586 confidemus,
1993 1497 2232 1601 Opta·-

166 1628 340 1682 mus
417 1627 495 1677 1n
566 1600 1006 1704 Corporum
1084 1608 1462 1684 mixtione
1523 1603 1606 1686 &
1681 1627 1854 1686 com
1913 1599 2234 1682 ofitione
2369 1627 2386 1660 τ

166 1702 605 1810 indaganda
638 1702 1085 1798 substitiss'et,
1135 1730 1357 1809 atqve
1388 1703 1814 1810 paradoxas
1901 1725 1942 1780 e
1977 1698 2237 1804 genefi

166 1831 585 1908 corporum
622 1805 1095 1905 praeteriisset
1133 1835 1184 1888 o
1244 1812 1561 1888 iniones.
1634 1809 1710 1886 A
1747 1809 1994 1886 minus
2033 1801 2235 1885 secu·

164 1934 266 1990 ro
295 1909 386 1984 de
422 1905 673 2009 gene-fi
712 1931 1129 2008 corporum
1196 1913 1666 1989 undamento
1693 1908 2035 2010 profluit,
2076 1902 2236 1985 fine

168 2010 432 2100 dubie,
468 2005 739 2085 divisio
757 2009 1019 2088 Salium
1050 2013 1129 2086 in
1150 2013 1508 2115 Legitima
1523 2013 1602 2096 &
1618 2007 1964 2107 Hybrida,
1997 2029 2236 2106 qvam

168 2107 651 2202 divifionem‚
702 2108 994 2196 dubito.
1044 2135 1140 2189 an
1174 2137 1504 2194 naturae
1564 2111 1827 2190 noscit.
1930 2107 2060 2186 Ab
2094 2105 2239 2185 ob·

170 2207 721 2293 servationibus
774 2213 1062 2292 etenim
1110 2239 1402 2300 certum
1453 2241 1496 2295 e
1577 2268 1601 2309 ,
1657 2213 1825 2291 dari
1871 2207 2010 2288 Sal
2057 2207 2237 2287 Am·

178 2316 585 2404 moniacam,
644 2309 915 2406 Boo-ax,
977 2314 1269 2397 Nitrum
1322 2343 1538 2421 oeqve
1589 2320 1848 2395 nativa
1896 2309 2090 2395 Salia
2153 2303 2238 2393 δε

178 2440 336 2493 non
383 2414 623 2517 tnagis
686 2416 1141 2517 compofita,
1210 2444 1444 2520 qvam
1500 2418 1632 2497 Sal
1673 2438 2060 2509 commune,
2137 2408 2236 2487 ab

176 2514 509 2596 Austore
570 2514 746 2592 licet
796 2538 876 2592 ut
934 2518 987 2592 h
1047 2518 1266 2596 brida
1325 2520 1470 2599 fint
1522 2516 2016 2598 confiderem.
2119 2510 2251 2602 Si<-

178 2617 480 2711 militer,
536 2640 769 2699 omne
820 2618 968 2698 Aci
1014 2645 1129 2699 um
1166 2620 1475 2701 Vitrioli
1518 2618 1666 2703 ess'e
1715 2614 2234 2723 posthumum,

177 2741 399 2819 atqve
450 2716 778 2798 Astione
828 2721 1028 2822 ignis
1080 2720 1558 2807 Subterranei
1609 2738 2102 2827 prognatum,
2137 2734 2237 2808 ut

180 2819 574 2897 contendit
638 2817 971 2915 Austor,
1036 2822 1261 2900 valde
1332 2824 1792 2919 dubitamu83
1865 2812 2242 2899 Subtiliffi·

176 2946 385 3001 mum
436 2945 769 3021 namqve
820 2924 906 2999 in
973 2933 1147 3003 aere
1200 2926 1532 3027 praesens
1580 2924 1908 3003 Acidum'
1941 2912 2238 3021 Sulphu-

177 3046 368 3100 reum
389 3074 413 3113 ,
464 3020 597 3098 sub
658 3020 808 3101 ἰᾶιι
859 3025 1247 3111 Fulminis,
1276 3044 1507 3131 perce
1565 3023 1800 3119 tibile,
1867 3019 2236 3101 contrari-

178 3147 306 3203 um
352 3118 745 3203 certiffime
796 3127 1105 3203 evincit.
1210 3128 1328 3205 Ex
1362 3152 1460 3223 eo
1593 3124 2028 3216 ndumento,
2082 3116 2238 3199 Sul·
2302 3198 2310 3204 .

158 3222 349 3327 phur
395 3223 477 3304 δι
528 3224 900 3305 Bitumina
965 3226 1061 3307 ad
1108 3226 1305 3305 Salia
1353 3249 1910 3319 connumerare
1926 3282 1950 3315 ,
2019 3218 2237 3325 qvod

177 3326 426 3425 aliqva
490 3344 705 3427 parte
764 3328 985 3406 Acidi
1047 3327 1129 3414 δι
1192 3335 1494 3409 materia
1559 3322 2047 3429 inflammabili
2108 3319 2240 3403 vel

172 3424 384 3519 oleofit
432 3425 573 3507 fint
639 3426 1051 3529 composita
1071 3486 1095 3523 ,
1177 3454 1434 3509 annon
1482 3429 1732 3512 ideam
1783 3427 2018 3507 Salini
2065 3446 2240 3502 cor·

172 3530 427 3631 poris,
493 3527 819 3621 scilicet,
874 3528 1349 3613 solubilitatis
1403 3535 1485 3611 in
1533 3532 1798 3631 Aqvn,
1851 3546 2238 3629 receptam
2303 3542 2312 3547 “
2353 3620 2360 3635 ¹

175 3629 262 3707 &
312 3629 829 3711 inviolabilem
904 3634 1227 3711 omnino
1288 3630 1660 3715 invertit?
1733 3628 1926 3721 Sed,
1988 3626 2240 3709 adhue

172 3732 423 3833 magis
480 3730 951 3825 mirandum,
1003 3731 1215 3833 qvod
1270 3734 1590 3827 Metalla,
1639 3760 1684 3819 a
1730 3732 2006 3838 qvibus
2055 3724 2240 3807 nihil

173 3828 410 3908 salini
455 3830 626 3910 elici
651 3830 921 3934 potest,
969 3836 1265 3913 ratione
1304 3834 1652 3936 Originis,
1709 3835 1804 3913 ad
1839 3834 2030 3912 Salia
2057 3853 2242 3908 con·

169 3954 579 4021 numerare
634 3933 997 4028 voluerit,
1068 3931 1504 4125 ef‘istimans
1549 3936 1816 4023 eadem
1864 3934 1958 4019 ab
2009 3928 2244 4051 Acido

1224 4060 1279 4144 4
1396 4110 1402 4119 ,
1973 4056 2244 4117 aurea-
